@article{li2022limb,
  title={Limb development genes underlie variation in human fingerprint patterns},
  author={Li, Jinxi and Glover, James D and Zhang, Haiguo and Peng, Meifang and Tan, Jingze and Mallick, Chandana Basu and Hou, Dan and Yang, Yajun and Wu, Sijie and Liu, Yu and others},
  journal={Cell},
  volume={185},
  number={1},
  pages={95--112},
  year={2022},
  publisher={Elsevier}
}